@article{courthoud2020approximation,
	title={Approximation Methods of Dynamic Stochastic Games},
	author={Courthoud, Matteo},
	year={2020},
}